@misc{unhcr2023,
  title = {Refugee Data Finder {UNHCR} Refugee Statistics},
  year = {2023},
  url = {https://www.unhcr.org/refugee-statistics/},
  note = {Accessed: 2023-04-29}
}

@misc{verschuuren2024,
  author = {Verschuuren, A. E. H.},
  title = {Maternity Care for Refugees and Asylum Seekers in the Netherlands},
  year = {2024},
  url = {https://research.rug.nl/en/publications/maternity-care-for-refugees-and-asylum-seekers-in-the-netherlands}
}
